<?xml version="1.0" encoding="UTF-8"?>
<OAI-PMH xmlns="http://www.openarchives.org/OAI/2.0/" xmlns:xsi="http://www.w3.org/2001/XMLSchema-instance" xsi:schemaLocation="http://www.openarchives.org/OAI/2.0/ http://www.openarchives.org/OAI/2.0/OAI-PMH.xsd">
<ListRecords>
<record>
<header status="updated">
<identifier>urm_publish:71284308090002121</identifier>
</header>
<metadata>
<record xmlns="http://www.loc.gov/MARC21/slim" xmlns:xsi="http://www.w3.org/2001/XMLSchema-instance" xsi:schemaLocation="http://www.loc.gov/MARC21/slim http://www.loc.gov/standards/marcxml/schema/MARC21slim.xsd" ><leader>01129mam a2200253   4500</leader><controlfield tag="005">19990604082155.0</controlfield><controlfield tag="008">761029m18951912fr            000 0 fre d</controlfield><controlfield tag="001">999543767502121</controlfield><datafield tag="035" ind1=" " ind2=" "><subfield code="a">(OCoLC)02540658</subfield></datafield><datafield tag="035" ind1=" " ind2=" "><subfield code="9">AEB4325UW</subfield></datafield><datafield tag="035" ind1=" " ind2=" "><subfield code="a">(WU)784298-uwmadisondb</subfield></datafield><datafield tag="040" ind1=" " ind2=" "><subfield code="a">ITD</subfield><subfield code="b">eng</subfield><subfield code="c">ITD</subfield><subfield code="d">m.c.</subfield></datafield><datafield tag="049" ind1=" " ind2=" "><subfield code="a">GZMA</subfield></datafield><datafield tag="090" ind1=" " ind2=" "><subfield code="a">BS440</subfield><subfield code="b">.V7 1895</subfield></datafield><datafield tag="100" ind1="1" ind2=" "><subfield code="a">Vigouroux, F.</subfield><subfield code="q">(Fulcran),</subfield><subfield code="d">1837-1915.</subfield><subfield code="2">LCNAMES</subfield><subfield code="0">41-LIBRARY_OF_CONGRESS-n  89603190</subfield><subfield code="9">Y</subfield></datafield><datafield tag="245" ind1="1" ind2="0"><subfield code="a">Dictionnaire de la Bible. /</subfield><subfield code="c">Publié par F. Vigouroux avec le concours d'un grand nombre de collaborateurs.</subfield></datafield><datafield tag="260" ind1=" " ind2=" "><subfield code="a">Paris :</subfield><subfield code="b">Letouzey et Ané,</subfield><subfield code="c">1895-1912.</subfield></datafield><datafield tag="300" ind1=" " ind2=" "><subfield code="a">5 volumes :</subfield><subfield code="b">illustrations, facsimiles, maps, plans, plates. ;</subfield><subfield code="c">28 cm</subfield></datafield><datafield tag="336" ind1=" " ind2=" "><subfield code="a">text</subfield><subfield code="b">txt</subfield><subfield code="2">rdacontent</subfield></datafield><datafield tag="337" ind1=" " ind2=" "><subfield code="a">unmediated</subfield><subfield code="b">n</subfield><subfield code="2">rdamedia</subfield></datafield><datafield tag="338" ind1=" " ind2=" "><subfield code="a">volume</subfield><subfield code="b">nc</subfield><subfield code="2">rdacarrier</subfield></datafield><datafield tag="500" ind1=" " ind2=" "><subfield code="a">"Contenant tous les noms de personnes, de lieux, de plantes, d'animaux mentionnés dans les Saintes Écritures, les questions théologiques, archéologiques, scientifiques, critiques relatives à l'Ancien et au Nouveau Testament et des notices sur les commentateurs anciens et modernes.</subfield></datafield><datafield tag="630" ind1="0" ind2="0"><subfield code="a">Bible</subfield><subfield code="v">Dictionaries.</subfield><subfield code="2">LCNAMES</subfield><subfield code="0">41-LIBRARY_OF_CONGRESS-n  00020514</subfield><subfield code="9">Y</subfield></datafield><datafield tag="997" ind1=" " ind2=" "><subfield code="a">MARCIVE</subfield></datafield><datafield tag="100" ind1="1" ind2=" "><subfield code="a">Vigouroux, Fulcran-Grégoire,</subfield><subfield code="d">1837-1915</subfield><subfield code="2">LCNAMES</subfield><subfield code="0">41-LIBRARY_OF_CONGRESS-n  89603190</subfield><subfield code="9">N</subfield></datafield><datafield tag="630" ind1="0" ind2="0"><subfield code="a">Holy Scriptures (Bible)</subfield><subfield code="2">LCNAMES</subfield><subfield code="0">41-LIBRARY_OF_CONGRESS-n  00020514</subfield><subfield code="9">N</subfield></datafield><datafield tag="INST" ind1=" " ind2=" "><subfield code="a">01UWI_NETWORK</subfield><subfield code="b">P</subfield><subfield code="c">71284308090002121</subfield></datafield><datafield tag="INST" ind1=" " ind2=" "><subfield code="a">01UWI_MAD</subfield><subfield code="b">P</subfield><subfield code="c">21509406530002122</subfield></datafield><datafield tag="INST" ind1=" " ind2=" "><subfield code="a">01UWI_ML</subfield><subfield code="b">P</subfield><subfield code="c">21165943120002124</subfield></datafield><datafield tag="AVA" ind1=" " ind2=" "><subfield code="a">01UWI_MAD</subfield><subfield code="b">MEMORIAL</subfield><subfield code="c">by request only</subfield><subfield code="d">BS440 V7</subfield><subfield code="e">available</subfield><subfield code="f">1</subfield><subfield code="g">0</subfield><subfield code="j">presproc</subfield><subfield code="k">0</subfield><subfield code="p">1</subfield><subfield code="q">Memorial Library</subfield></datafield><datafield tag="AVA" ind1=" " ind2=" "><subfield code="0">997842983602122</subfield><subfield code="8">22509406520002122</subfield><subfield code="a">01UWI_MAD</subfield><subfield code="b">MEMORIAL</subfield><subfield code="c">Reference Stacks, Floor 2 South  (No loan)</subfield><subfield code="d">BS440 V7</subfield><subfield code="e">available</subfield><subfield code="f">4</subfield><subfield code="g">0</subfield><subfield code="j">refstk</subfield><subfield code="k">0</subfield><subfield code="p">2</subfield><subfield code="q">Memorial Library</subfield><subfield code="t">v.1-v.5</subfield></datafield><datafield tag="AVA" ind1=" " ind2=" "><subfield code="0">993445533402124</subfield><subfield code="8">22165943110002124</subfield><subfield code="a">01UWI_ML</subfield><subfield code="b">MIL</subfield><subfield code="c">Remote Storage</subfield><subfield code="d">BS440 V68</subfield><subfield code="e">available</subfield><subfield code="f">10</subfield><subfield code="g">0</subfield><subfield code="j">remote1</subfield><subfield code="k">0</subfield><subfield code="p">1</subfield><subfield code="q">UW Milwaukee</subfield></datafield><datafield tag="MMS" ind1=" " ind2=" "><subfield code="b">999543767502121</subfield><subfield code="a">01UWI_NETWORK</subfield></datafield><datafield tag="MMS" ind1=" " ind2=" "><subfield code="b">997842983602122</subfield><subfield code="a">01UWI_MAD</subfield></datafield><datafield tag="MMS" ind1=" " ind2=" "><subfield code="b">993445533402124</subfield><subfield code="a">01UWI_ML</subfield></datafield></record>
</metadata>
</record>
</ListRecords>
</OAI-PMH>